
@article{kesharwani2014,
	title = {Frequency and Zero-Point Vibrational Energy Scale Factors for Double-Hybrid Density Functionals (and Other Selected Methods): Can Anharmonic Force Fields Be Avoided?},
	author = {Kesharwani, Manoj K. and Brauer, Brina and Martin, Jan M. L.},
	year = {2014},
	month = {10},
	date = {2014-10-21},
	journal = {The Journal of Physical Chemistry A},
	pages = {1701--1714},
	volume = {119},
	number = {9},
	doi = {10.1021/jp508422u},
	url = {http://dx.doi.org/10.1021/jp508422u},
	langid = {en}
}

@article{kesharwani2014a,
	title = {Frequency and Zero-Point Vibrational Energy Scale Factors for Double-Hybrid Density Functionals (and Other Selected Methods): Can Anharmonic Force Fields Be Avoided?},
	author = {Kesharwani, Manoj K. and Brauer, Brina and Martin, Jan M. L.},
	year = {2014},
	month = {10},
	date = {2014-10-21},
	journal = {The Journal of Physical Chemistry A},
	pages = {1701--1714},
	volume = {119},
	number = {9},
	doi = {10.1021/jp508422u},
	url = {http://dx.doi.org/10.1021/jp508422u},
	langid = {en}
}

@article{neininger1998,
	title = {Carbon monoxide emission as a precise tracer of molecular gas in the Andromeda galaxy},
	author = {Neininger, N. and {Gu√©lin}, M. and Ungerechts, H. and Lucas, R. and Wielebinski, R.},
	year = {1998},
	month = {10},
	date = {1998-10-01},
	journal = {Nature},
	pages = {871--873},
	volume = {395},
	number = {6705},
	doi = {10.1038/27612},
	url = {https://doi.org/10.1038/27612}
}

@article{chen2021,
	title = {Lanthanide Silylamide-Catalyzed Synthesis of Pyrano[2,3-{\emph{b}}]indol-2-ones},
	author = {Chen, Qifa and Teng, Yue and Xu, Fan},
	year = {2021},
	month = {05},
	date = {2021-05-28},
	journal = {Organic Letters},
	pages = {4785--4790},
	volume = {23},
	number = {12},
	doi = {10.1021/acs.orglett.1c01506},
	url = {http://dx.doi.org/10.1021/acs.orglett.1c01506},
	langid = {en}
}
