
@article{10.3389/fmolb.2021.628144,
	title = {Drug repurposing strategy (DRS): Emerging approach to identify potential therapeutics for treatment of novel coronavirus infection},
	author = {Sahoo, Biswa Mohan and Ravi Kumar, B. V. V. and Sruti, J. and Mahapatra, Manoj Kumar and Banik, Bimal K. and Borah, Preetismita},
	year = {2021},
	date = {2021},
	journal = {Frontiers in Molecular Biosciences},
	volume = {8},
	doi = {10.3389/fmolb.2021.628144},
	url = {https://www.frontiersin.org/articles/10.3389/fmolb.2021.628144},
	note = {Citation Key: 10.3389/fmolb.2021.628144}
}

@article{10.3389/fmolb.2021.628144a,
	title = {Drug repurposing strategy (DRS): Emerging approach to identify potential therapeutics for treatment of novel coronavirus infection},
	author = {Sahoo, Biswa Mohan and Ravi Kumar, B. V. V. and Sruti, J. and Mahapatra, Manoj Kumar and Banik, Bimal K. and Borah, Preetismita},
	year = {2021},
	date = {2021},
	journal = {Frontiers in Molecular Biosciences},
	volume = {8},
	doi = {10.3389/fmolb.2021.628144},
	url = {https://www.frontiersin.org/articles/10.3389/fmolb.2021.628144},
	note = {Citation Key: 10.3389/fmolb.2021.628144}
}

@article{10.3389/fmolb.2021.628144,
	title = {Drug repurposing strategy (DRS): Emerging approach to identify potential therapeutics for treatment of novel coronavirus infection},
	author = {Sahoo, Biswa Mohan and Ravi Kumar, B. V. V. and Sruti, J. and Mahapatra, Manoj Kumar and Banik, Bimal K. and Borah, Preetismita},
	year = {2021},
	date = {2021},
	journal = {Frontiers in Molecular Biosciences},
	volume = {8},
	doi = {10.3389/fmolb.2021.628144},
	url = {https://www.frontiersin.org/articles/10.3389/fmolb.2021.628144},
	note = {Citation Key: 10.3389/fmolb.2021.628144}
}

@article{gimeno2019,
	title = {The Light and Dark Sides of Virtual Screening: What Is There to Know?},
	author = {Gimeno, Aleix and Ojeda-Montes, {María} and {Tomás-Hernández}, Sarah and {Cereto-Massagué}, {Adrià} and {Beltrán-Debón}, {Raúl} and Mulero, Miquel and Pujadas, Gerard and {Garcia-Vallvé}, Santiago},
	year = {2019},
	date = {2019},
	journal = {International Journal of Molecular Sciences},
	pages = {1375},
	volume = {20},
	number = {6},
	doi = {10.3390/ijms20061375},
	url = {https://dx.doi.org/10.3390/ijms20061375},
	note = {Publisher: MDPI AG}
}

@article{jin2020,
	title = {Structure of Mpro from SARS-CoV-2 and discovery of its inhibitors},
	author = {Jin, Zhenming and Du, Xiaoyu and Xu, Yechun and Deng, Yongqiang and Liu, Meiqin and Zhao, Yao and Zhang, Bing and Li, Xiaofeng and Zhang, Leike and Peng, Chao and Duan, Yinkai and Yu, Jing and Wang, Lin and Yang, Kailin and Liu, Fengjiang and Jiang, Rendi and Yang, Xinglou and You, Tian and Liu, Xiaoce and Yang, Xiuna and Bai, Fang and Liu, Hong and Liu, Xiang and Guddat, Luke W. and Xu, Wenqing and Xiao, Gengfu and Qin, Chengfeng and Shi, Zhengli and Jiang, Hualiang and Rao, Zihe and Yang, Haitao},
	year = {2020},
	date = {2020},
	journal = {Nature},
	pages = {289--293},
	volume = {582},
	number = {7811},
	doi = {10.1038/s41586-020-2223-y},
	url = {https://dx.doi.org/10.1038/s41586-020-2223-y},
	note = {Publisher: Springer Science and Business Media LLC}
}

@article{wang2022,
	title = {Antibody evasion by SARS-CoV-2 Omicron subvariants BA.2.12.1, BA.4 and BA.5},
	author = {Wang, Qian and Guo, Yicheng and Iketani, Sho and Nair, Manoj S. and Li, Zhiteng and Mohri, Hiroshi and Wang, Maple and Yu, Jian and Bowen, Anthony D. and Chang, Jennifer Y. and Shah, Jayesh G. and Nguyen, Nadia and Chen, Zhiwei and Meyers, Kathrine and Yin, Michael T. and Sobieszczyk, Magdalena E. and Sheng, Zizhang and Huang, Yaoxing and Liu, Lihong and Ho, David D.},
	year = {2022},
	month = {08},
	date = {2022-08-01},
	journal = {Nature},
	pages = {603--608},
	volume = {608},
	number = {7923},
	doi = {10.1038/s41586-022-05053-w},
	url = {https://doi.org/10.1038/s41586-022-05053-w}
}

@article{ghahremanpour2020,
	title = {Identification of 14 Known Drugs as Inhibitors of the Main Protease of SARS-CoV-2},
	author = {Ghahremanpour, Mohammad M. and Tirado-Rives, Julian and Deshmukh, Maya and Ippolito, Joseph A. and Zhang, Chun-Hui and Cabeza De Vaca, Israel and Liosi, Maria-Elena and Anderson, Karen S. and Jorgensen, William L.},
	year = {2020},
	date = {2020},
	journal = {ACS Medicinal Chemistry Letters},
	pages = {2526--2533},
	volume = {11},
	number = {12},
	doi = {10.1021/acsmedchemlett.0c00521},
	url = {https://dx.doi.org/10.1021/acsmedchemlett.0c00521},
	note = {Publisher: American Chemical Society (ACS)}
}

@article{friesner2004,
	title = {Glide:{\hspace{0.167em}} A New Approach for Rapid, Accurate Docking and Scoring. 1. Method and Assessment of Docking Accuracy},
	author = {Friesner, Richard A. and Banks, Jay L. and Murphy, Robert B. and Halgren, Thomas A. and Klicic, Jasna J. and Mainz, Daniel T. and Repasky, Matthew P. and Knoll, Eric H. and Shelley, Mee and Perry, Jason K. and Shaw, David E. and Francis, Perry and Shenkin, Peter S.},
	year = {2004},
	month = {03},
	date = {2004-03-01},
	journal = {Journal of Medicinal Chemistry},
	pages = {1739--1749},
	volume = {47},
	number = {7},
	doi = {10.1021/jm0306430},
	url = {https://doi.org/10.1021/jm0306430},
	note = {Publisher: American Chemical Society}
}

@article{ghahremanpour2020a,
	title = {Identification of 14 Known Drugs as Inhibitors of the Main Protease of SARS-CoV-2},
	author = {Ghahremanpour, Mohammad M. and Tirado-Rives, Julian and Deshmukh, Maya and Ippolito, Joseph A. and Zhang, Chun-Hui and Cabeza De Vaca, Israel and Liosi, Maria-Elena and Anderson, Karen S. and Jorgensen, William L.},
	year = {2020},
	date = {2020},
	journal = {ACS Medicinal Chemistry Letters},
	pages = {2526--2533},
	volume = {11},
	number = {12},
	doi = {10.1021/acsmedchemlett.0c00521},
	url = {https://dx.doi.org/10.1021/acsmedchemlett.0c00521},
	note = {Publisher: American Chemical Society (ACS)}
}

@article{gimeno2019a,
	title = {The Light and Dark Sides of Virtual Screening: What Is There to Know?},
	author = {Gimeno, Aleix and Ojeda-Montes, {María} and {Tomás-Hernández}, Sarah and {Cereto-Massagué}, {Adrià} and {Beltrán-Debón}, {Raúl} and Mulero, Miquel and Pujadas, Gerard and {Garcia-Vallvé}, Santiago},
	year = {2019},
	date = {2019},
	journal = {International Journal of Molecular Sciences},
	pages = {1375},
	volume = {20},
	number = {6},
	doi = {10.3390/ijms20061375},
	url = {https://dx.doi.org/10.3390/ijms20061375},
	note = {Publisher: MDPI AG}
}

@article{pettersen2004,
	title = {UCSF Chimera?A visualization system for exploratory research and analysis},
	author = {Pettersen, Eric F. and Goddard, Thomas D. and Huang, Conrad C. and Couch, Gregory S. and Greenblatt, Daniel M. and Meng, Elaine C. and Ferrin, Thomas E.},
	year = {2004},
	date = {2004},
	journal = {Journal of Computational Chemistry},
	pages = {1605--1612},
	volume = {25},
	number = {13},
	doi = {10.1002/jcc.20084},
	url = {https://dx.doi.org/10.1002/jcc.20084},
	note = {Publisher: Wiley}
}

@article{pettersen2004a,
	title = {UCSF Chimera?A visualization system for exploratory research and analysis},
	author = {Pettersen, Eric F. and Goddard, Thomas D. and Huang, Conrad C. and Couch, Gregory S. and Greenblatt, Daniel M. and Meng, Elaine C. and Ferrin, Thomas E.},
	year = {2004},
	date = {2004},
	journal = {Journal of Computational Chemistry},
	pages = {1605--1612},
	volume = {25},
	number = {13},
	doi = {10.1002/jcc.20084},
	url = {https://dx.doi.org/10.1002/jcc.20084},
	note = {Publisher: Wiley}
}

@article{gimeno2019b,
	title = {The Light and Dark Sides of Virtual Screening: What Is There to Know?},
	author = {Gimeno, Aleix and Ojeda-Montes, {María} and {Tomás-Hernández}, Sarah and {Cereto-Massagué}, {Adrià} and {Beltrán-Debón}, {Raúl} and Mulero, Miquel and Pujadas, Gerard and {Garcia-Vallvé}, Santiago},
	year = {2019},
	date = {2019},
	journal = {International Journal of Molecular Sciences},
	pages = {1375},
	volume = {20},
	number = {6},
	doi = {10.3390/ijms20061375},
	url = {https://dx.doi.org/10.3390/ijms20061375},
	note = {Publisher: MDPI AG}
}

@article{ghahremanpour2020b,
	title = {Identification of 14 Known Drugs as Inhibitors of the Main Protease of SARS-CoV-2},
	author = {Ghahremanpour, Mohammad M. and Tirado-Rives, Julian and Deshmukh, Maya and Ippolito, Joseph A. and Zhang, Chun-Hui and Cabeza De Vaca, Israel and Liosi, Maria-Elena and Anderson, Karen S. and Jorgensen, William L.},
	year = {2020},
	date = {2020},
	journal = {ACS Medicinal Chemistry Letters},
	pages = {2526--2533},
	volume = {11},
	number = {12},
	doi = {10.1021/acsmedchemlett.0c00521},
	url = {https://dx.doi.org/10.1021/acsmedchemlett.0c00521},
	note = {Publisher: American Chemical Society (ACS)}
}

@article{gimeno2019c,
	title = {The Light and Dark Sides of Virtual Screening: What Is There to Know?},
	author = {Gimeno, Aleix and Ojeda-Montes, {María} and {Tomás-Hernández}, Sarah and {Cereto-Massagué}, {Adrià} and {Beltrán-Debón}, {Raúl} and Mulero, Miquel and Pujadas, Gerard and {Garcia-Vallvé}, Santiago},
	year = {2019},
	date = {2019},
	journal = {International Journal of Molecular Sciences},
	pages = {1375},
	volume = {20},
	number = {6},
	doi = {10.3390/ijms20061375},
	url = {https://dx.doi.org/10.3390/ijms20061375},
	note = {Publisher: MDPI AG}
}
