
@article{kesharwani2014,
	title = {Frequency and Zero-Point Vibrational Energy Scale Factors for Double-Hybrid Density Functionals (and Other Selected Methods): Can Anharmonic Force Fields Be Avoided?},
	author = {Kesharwani, Manoj K. and Brauer, Brina and Martin, Jan M. L.},
	year = {2014},
	month = {10},
	date = {2014-10-21},
	journal = {The Journal of Physical Chemistry A},
	pages = {1701--1714},
	volume = {119},
	number = {9},
	doi = {10.1021/jp508422u},
	url = {http://dx.doi.org/10.1021/jp508422u},
	langid = {en}
}

@article{kesharwani2014a,
	title = {Frequency and Zero-Point Vibrational Energy Scale Factors for Double-Hybrid Density Functionals (and Other Selected Methods): Can Anharmonic Force Fields Be Avoided?},
	author = {Kesharwani, Manoj K. and Brauer, Brina and Martin, Jan M. L.},
	year = {2014},
	month = {10},
	date = {2014-10-21},
	journal = {The Journal of Physical Chemistry A},
	pages = {1701--1714},
	volume = {119},
	number = {9},
	doi = {10.1021/jp508422u},
	url = {http://dx.doi.org/10.1021/jp508422u},
	langid = {en}
}

@article{neininger1998,
	title = {Carbon monoxide emission as a precise tracer of molecular gas in the Andromeda galaxy},
	author = {Neininger, N. and {Gu√©lin}, M. and Ungerechts, H. and Lucas, R. and Wielebinski, R.},
	year = {1998},
	month = {10},
	date = {1998-10-01},
	journal = {Nature},
	pages = {871--873},
	volume = {395},
	number = {6705},
	doi = {10.1038/27612},
	url = {https://doi.org/10.1038/27612}
}

@article{sadeghi2020,
	title = {Oral administration of protein nanoparticles: An emerging route to disease treatment},
	author = {Sadeghi, Samira and Lee, Wai Kit and Kong, Shik Nie and Shetty, Annanya and Drum, Chester Lee},
	year = {2020},
	month = {08},
	date = {2020-08},
	journal = {Pharmacological Research},
	pages = {104685},
	volume = {158},
	doi = {10.1016/j.phrs.2020.104685},
	url = {http://dx.doi.org/10.1016/j.phrs.2020.104685},
	langid = {en}
}

@article{sadeghi2020a,
	title = {Oral administration of protein nanoparticles: An emerging route to disease treatment},
	author = {Sadeghi, Samira and Lee, Wai Kit and Kong, Shik Nie and Shetty, Annanya and Drum, Chester Lee},
	year = {2020},
	month = {08},
	date = {2020-08},
	journal = {Pharmacological Research},
	pages = {104685},
	volume = {158},
	doi = {10.1016/j.phrs.2020.104685},
	url = {http://dx.doi.org/10.1016/j.phrs.2020.104685},
	langid = {en}
}

@article{jeevanandam2018,
	title = {Review on nanoparticles and nanostructured materials: history, sources, toxicity and regulations},
	author = {Jeevanandam, Jaison and Barhoum, Ahmed and Chan, Yen S and Dufresne, Alain and Danquah, Michael K},
	year = {2018},
	month = {04},
	date = {2018-04-03},
	journal = {Beilstein Journal of Nanotechnology},
	pages = {1050--1074},
	volume = {9},
	doi = {10.3762/bjnano.9.98},
	url = {http://dx.doi.org/10.3762/bjnano.9.98},
	langid = {en}
}

@article{jeevanandam2018a,
	title = {Review on nanoparticles and nanostructured materials: history, sources, toxicity and regulations},
	author = {Jeevanandam, Jaison and Barhoum, Ahmed and Chan, Yen S and Dufresne, Alain and Danquah, Michael K},
	year = {2018},
	month = {04},
	date = {2018-04-03},
	journal = {Beilstein Journal of Nanotechnology},
	pages = {1050--1074},
	volume = {9},
	doi = {10.3762/bjnano.9.98},
	url = {http://dx.doi.org/10.3762/bjnano.9.98},
	langid = {en}
}
